@article{deutsch1985,
	author = "D. Deutsch",
	title = "Quantum theory, the Church-Turing principle and the universal quantum computer",
	year = "1985",
	journal = "Proc. R. Soc. Lond. A",
	volume = "400",
	pages = "97--117"}

@article{deutsch1989,
	author = "D. Deutsch",
	title = "Quantum computation networks",
	year = "1989",
	journal = "Proc. R. Soc. Lond. A",
	volume = "425",
	pages = "73--90"
}

@article{yao1993,
	author = "A. C. Yao",
	title = "Quantum Circuit Complexity",
	year = "1993",
	journal = "Proc. of the 34th Ann. Symp. on Found. of Comp. Sc. (FOCS)",
	pages = "352--361"}

@article{benioff1998,
	author = "P. Benioff",
	title = "Models of Quantum Turing Machines",
	year = "2007",
	journal = "Fortsch. Phys.",
	volume = "46",
	pages = "423--442"
}

@book{nielsenchuang2000,
	author="Nielson; Chuang",
	title = "Quantum Computation and Quantum Information",
	publisher = "Cambridge University Press",
	year = "2000"
}

@book{kaye2007,
	author="P. Kaye; R. Laflamme; M. Mosca",
	title="An Introduction to Quantum Computing",
	publisher="Oxford University Press",
	year="2007"
}