@Article{Hopfield1982,
  author = 	 {J. J. Hopfield},
  title = 	 {Neural networks and physical systems with emergent collective computational abilities},
  journal = 	 {Proceedings of the National Academy of Sciences of the USA},
  year = 	 {1982},
  OPTkey = 	 {},
  volume = 	 {79},
  number = 	 {8},
  pages = 	 {pp. 2554-2558},
  month = 	 {April},
  OPTnote = 	 {},
  OPTannote = 	 {}
}

@Article{Jones1990,
  author = 	 {Roger D. Jones and Y. C. Lee and C. W. Barnes and G. W. Flake and K. Lee and P. S. Lewis and S. Qian},
  title = 	 {Function approximation and time series prediction with neural networks},
  journal = 	 {Proceedings of the International Joint Conference on Neural Networks},
  year = 	 {1990},
  OPTkey = 	 {},
  OPTvolume = 	 {},
  OPTnumber = 	 {},
  pages = 	 {p. I-649},
  month = 	 {June 17-21},
  OPTnote = 	 {},
  OPTannote = 	 {}
}

@Book{Laemmel2004,
  author = 	 {U. L\"ammel, J. Cleve},
  ALTeditor = 	 {U. L\"ammel, J. Cleve},
  title = 	 {K\"unstliche Intelligenz},
  publisher = 	 {Carl Hanser Verlag M\"unchen Wien},
  year = 	 {2004},
  OPTkey = 	 {},
  OPTvolume = 	 {},
  OPTnumber = 	 {},
  OPTseries = 	 {},
  OPTaddress = 	 {},
  OPTedition = 	 {},
  OPTmonth = 	 {},
  OPTnote = 	 {},
  OPTannote = 	 {}
}

@Article{Poggio1990,
  author = 	 {T. Poggio and F. Girosi},
  title = 	 {Networks for approximation and learning},
  journal = 	 {Proc. IEEE},
  year = 	 {1990},
  OPTkey = 	 {},
  volume = 	 {78},
  number = 	 {9},
  pages = 	 {1484-1487},
  OPTmonth = 	 {},
  OPTnote = 	 {},
  OPTannote = 	 {}
}



@Book{Quarteroni2002,
  author = 	 {A. Quarteroni and R. Sacco and F. Saleri},
  ALTeditor = 	 {A. Quarteroni},
  title = 	 {Numerische Mathematik 2},
  publisher = 	 {Springer Berlin},
  year = 	 {2002},
  OPTkey = 	 {},
  OPTvolume = 	 {},
  OPTnumber = 	 {},
  OPTseries = 	 {},
  OPTaddress = 	 {},
  OPTedition = 	 {},
  OPTmonth = 	 {},
  OPTnote = 	 {},
  OPTannote = 	 {}
}

@Book{Rojas1996,
  author = 	 {Raul Rojas},
  ALTeditor = 	 {Raul Rojas},
  title = 	 {Neural Networks - A Systematic Introduction},
  publisher = 	 {Springer-Verlag, Berlin, New-York},
  year = 	 {1996},
  OPTkey = 	 {},
  OPTvolume = 	 {},
  OPTnumber = 	 {},
  OPTseries = 	 {},
  OPTaddress = 	 {},
  OPTedition = 	 {},
  OPTmonth = 	 {},
  OPTnote = 	 {},
  OPTannote = 	 {}
}

@Article{Stoop2003,
  author = 	 {R. Stoop and J. Buchli and G. Keller and W.-H. Steeb},
  title = 	 {Stochastic resonance in pattern recognition by a holographic neuron model},
  journal = 	 {Phys. Rev. E},
  year = 	 {2003},
  key = 	 {67 061918.1-061918.6},
  OPTvolume = 	 {},
  OPTnumber = 	 {},
  OPTpages = 	 {},
  OPTmonth = 	 {},
  OPTnote = 	 {},
  OPTannote = 	 {}
}

@Booklet{Stoop2010,
  title = 	 {Theorie und Simulation Neuronaler Netze},
  OPTkey = 	 {},
  author = 	 {R. Stoop},
  OPThowpublished = {},
  OPTaddress = 	 {},
  OPTmonth = 	 {},
  year = 	 {2010},
  note = 	 {lecture notes},
  OPTannote = 	 {}
}




