@Article{Hopfield1982,
  author = 	 {J. J. Hopfield},
  title = 	 {Neural networks and physical systems with emergent collective computational abilities},
  journal = 	 {Proceedings of the National Academy of Sciences of the USA},
  year = 	 {1982},
  OPTkey = 	 {},
  volume = 	 {79},
  number = 	 {8},
  pages = 	 {pp. 2554-2558},
  month = 	 {April},
  OPTnote = 	 {},
  OPTannote = 	 {}
}

@Article{Jones1990,
  author =       {R. D. Jones et al.},
  title = 	 {Function approximation and time series prediction with neural networks},
  journal = 	 {Proc. Int. Joint Conf. on Neural Networks},
  year = 	 {1990},
  OPTkey = 	 {},
  OPTvolume = 	 {},
  OPTnumber = 	 {},
  OPTpages = 	 {p. I-649},
  OPTmonth = 	 {June 17-21},
  OPTnote = 	 {},
  OPTannote = 	 {}
}

@Book{Laemmel2004,
  author = 	 {U. L\"ammel and J. Cleve},
  ALTeditor = 	 {U. L\"ammel and J. Cleve},
  title = 	 {K\"unstliche Intelligenz},
  publisher = 	 {Carl Hanser Verlag M\"unchen Wien},
  year = 	 {2004},
  OPTkey = 	 {},
  OPTvolume = 	 {},
  OPTnumber = 	 {},
  OPTseries = 	 {},
  OPTaddress = 	 {},
  OPTedition = 	 {},
  OPTmonth = 	 {},
  OPTnote = 	 {},
  OPTannote = 	 {}
}

@Article{Poggio1990,
  author = 	 {T. Poggio and F. Girosi},
  title = 	 {Networks for approximation and learning},
  journal = 	 {Proc. IEEE},
  year = 	 {1990},
  OPTkey = 	 {},
  volume = 	 {78},
  number = 	 {9},
  pages = 	 {1484-1487},
  OPTmonth = 	 {},
  OPTnote = 	 {},
  OPTannote = 	 {}
}



@Book{Quarteroni2002,
  author = 	 {A. Quarteroni and R. Sacco and F. Saleri},
  ALTeditor = 	 {A. Quarteroni},
  title = 	 {Numerische Mathematik 2},
  publisher = 	 {Springer Berlin},
  year = 	 {2002},
  OPTkey = 	 {},
  OPTvolume = 	 {},
  OPTnumber = 	 {},
  OPTseries = 	 {},
  OPTaddress = 	 {},
  OPTedition = 	 {},
  OPTmonth = 	 {},
  OPTnote = 	 {},
  OPTannote = 	 {}
}

@Book{Rojas1996,
  author = 	 {R. Rojas},
  ALTeditor = 	 {R. Rojas},
  title = 	 {Neural Networks - A Systematic Introduction},
  publisher = 	 {Springer-Verlag, Berlin, New-York},
  year = 	 {1996},
  OPTkey = 	 {},
  OPTvolume = 	 {},
  OPTnumber = 	 {},
  OPTseries = 	 {},
  OPTaddress = 	 {},
  OPTedition = 	 {},
  OPTmonth = 	 {},
  OPTnote = 	 {},
  OPTannote = 	 {}
}

@Article{Stoop2003,
  author = 	 {R. Stoop and J. Buchli and G. Keller and W.-H. Steeb},
  title = 	 {Stochastic resonance in pattern recognition by a holographic neuron model},
  journal = 	 {Phys. Rev. E},
  year = 	 {2003},
  key = 	 {67 061918.1-061918.6},
  OPTvolume = 	 {},
  OPTnumber = 	 {},
  OPTpages = 	 {},
  OPTmonth = 	 {},
  OPTnote = 	 {},
  OPTannote = 	 {}
}

@Book{Stoop2010,
  author = 	 {R. Stoop},
  ALTeditor = 	 {},
  title = 	 {Theorie und Simulation Neuronaler Netze},
  publisher = 	 {lecture notes},
  year = 	 {2010},
  OPTkey = 	 {},
  OPTvolume = 	 {},
  OPTnumber = 	 {},
  OPTseries = 	 {},
  OPTaddress = 	 {},
  OPTedition = 	 {},
  OPTmonth = 	 {},
  OPTnote = 	 {},
  OPTannote = 	 {}
}

@article{deutsch1985,
	author = "D. Deutsch",
	title = "Quantum theory, the Church-Turing principle and the universal quantum computer",
	year = "1985",
	journal = "Proc. R. Soc. Lond. A",
	volume = "400",
	pages = "97--117"}

@article{deutsch1989,
	author = "D. Deutsch",
	title = "Quantum computation networks",
	year = "1989",
	journal = "Proc. R. Soc. Lond. A",
	volume = "425",
	pages = "73--90"
}

@article{yao1993,
	author = "A. C. Yao",
	title = "Quantum Circuit Complexity",
	year = "1993",
	journal = "Proc. of the 34th Ann. Symp. on Found. of Comp. Sc. (FOCS)",
	pages = "352--361"}

@article{benioff1998,
	author = "P. Benioff",
	title = "Models of Quantum Turing Machines",
	year = "2007",
	journal = "Fortsch. Phys.",
	volume = "46",
	pages = "423--442"
}

@book{nielsenchuang2000,
	author="Nielson; Chuang",
	title = "Quantum Computation and Quantum Information",
	publisher = "Cambridge University Press",
	year = "2000"
}

@book{kaye2007,
	author="P. Kaye; R. Laflamme; M. Mosca",
	title="An Introduction to Quantum Computing",
	publisher="Oxford University Press",
	year="2007"
}